@book{ireland1990classical,
  title={A classical introduction to modern number theory},
  author={Ireland, Kenneth and Rosen, Michael},
  volume={84},
  year={1990},
  publisher={Springer}
}

@book{lang2013algebraic,
  title={Algebraic number theory},
  author={Lang, Serge},
  volume={110},
  year={2013},
  publisher={Springer}
}

@book{hungerford2012algebra,
  title={Algebra},
  author={Hungerford, Thomas W.},
  volume={73},
  year={2003},
  edition        = {12},
  publisher={Springer}
}

@book{conway1997sensual,
  title={The sensual (quadratic) form},
  author={Conway, John H. and Fung, Francis Y.C.},
  number={26},
  year={1997},
  publisher={Cambridge University Press}
}

@article{hahn2008quadratic,
  title={Quadratic Forms over from Diophantus to the 290 Theorem},
  author={Hahn, Alexander J.},
  journal={Advances in applied Clifford algebras},
  volume={18},
  number={3-4},
  pages={665--676},
  year={2008},
  publisher={Springer}
}

@article{bhargava2000conway,
  title={On the Conway-Schneeberger fifteen theorem},
  author={Bhargava, Manjul},
  journal={Contemporary Mathematics},
  volume={272},
  pages={27--38},
  year={2000},
  publisher={American Mathematical Society}
}

@article{conway1999universal,
  title={Universal quadratic forms and the fifteen theorem},
  author={Conway, John H.},
  journal={Quadratic forms and their applications},
  pages={23},
  year={1999},
  publisher={American Mathematical Society}
}

@article{robson2002words,
  title={Words and pictures: New light on Plimpton 322},
  author={Robson, Eleanor},
  journal={The American Mathematical Monthly},
  volume={109},
  number={2},
  pages={105--120},
  year={2002},
  publisher={Taylor \& Francis}
}

@phdthesis{schneeberger1997arithmetic,
  title={Arithmetic and geometry of integral lattices},
  author={Schneeberger, William Alan},
  year={1997},
  institution={Princeton University}
}

@unpublished{bhargava2005universal,
  title={Universal quadratic forms and the 290-theorem},
  author={Bhargava, Manjul and Hanke, Jonathan},
  note={Preprint from \url{http://math.stanford.edu/~vakil/files/290-Theorem-preprint.pdf}},
  year={2005}
}

@book{lam1973quadratic,
  title={The algebraic theory of quadratic forms},
  author={Lam, T.Y.},
  year={1973},
  publisher={The Benjamin/Cummings Publishing Co., Inc.},
  address={Reading, Mass.}
}

@book{elman2008algebraic,
  title={The algebraic and geometric theory of quadratic forms},
  author={Elman, Richard S. and Karpenko, Nikita and Merkurjev, Alexander},
  volume={56},
  year={2008},
  publisher={American Mathematical Soc.}
}

@book{buell1989binary,
  title={Binary quadratic forms: classical theory and modern computations},
  author={Buell, Duncan A.},
  year={1989},
  publisher={Springer}
}

@online{ormsbynotes,
  title={Notes on the algebraic theory of quadratic forms},
  author={Ormsby, Kyle},
  url={https://people.reed.edu/~ormsbyk/412/quadratic_notes.pdf},
  urldate={2023-10-22},
  note={Lecture notes.}
}

@online{clarkquadratic,
  title={Quadratic forms over fields I: Foundations},
  author={Clark, Pete L.},
  url={http://alpha.math.uga.edu/%7Epete/quadraticforms.pdf},
  urldate={2023-10-22},
  note={Lecture notes.}
}

@book{o2013introduction,
  title={Introduction to quadratic forms},
  author={O’Meara, O.T.},
  volume={117},
  year={2013},
  publisher={Springer}
}

@book{gauss1801disquisitiones,
  title={Disquisitiones arithmeticae},
  author={Gauss, Carl Friedrich},
  year={1801},
  publisher={K. Gesellschaft der Wissenschaften zu G{\"o}ttingen}
}

@book{gauss1966disquisitiones,
  title={Disquisitiones arithmeticae},
  author={Gauss, Carl Friedrich},
  year={1801},
  publisher={Springer},
  translator     = {Clarke, Arthur A.}
}

@book{legendre1808essai,
  title={Essai sur la theorie des nombres},
  author={Legendre, Adrien Marie},
  year={1808},
  publisher={chez Courcier, imprimeur-libraire pour les mathematiques, quai des Augustins}
}

@book{conway1999sphere,
  title={Sphere packings, lattices and groups},
  author={Conway, John H. and Sloane, Neil James A.},
  volume={290},
  year={1999},
  publisher={Springer}
}

@online{kani2019quadratic,
  title={Quadratic forms and elliptic curves},
  author={Kani, Ernst},
  url={https://mast.queensu.ca/~kani/lectures/quadformsJan10.pdf},
  urldate={2023-10-22},
  note={Lecture notes.}
}

@book{watson1960integral,
  title={Integral quadratic forms},
  author={Watson, G.L.},
  year={1960},
  publisher={Cambridge University Press}
}

@mastersthesis{moon2008universal,
  title={Universal quadratic forms and the 15-theorem and 290-theorem},
  author={Moon, Yong Suk},
  year={2008},
  institution={Stanford University},
  type={M.S. thesis}
}

@book{szymiczek2017bilinear,
  title={Bilinear algebra: An introduction to the algebraic theory of quadratic forms},
  author={Szymiczek, Kazimierz},
  year={2017},
  publisher={Routledge}
}

@book{koblitzp,
  title={p-adic Numbers, p-adic Analysis, and Zeta-Functions [electronic resource]},
  author={Koblitz, Neal},
  publisher={Springer},
  year={1982},
  edition={2}
}

@book{gouvea1997p,
  title={p-adic Numbers},
  author={Gouv{\^e}a, Fernando Q.},
  year={1997},
  publisher={Springer}
}

@book{halmos1942vector,
  title={Finite-dimensional vector spaces},
  author={Halmos, Paul R.},
  year={1942},
  publisher={Springer}
}

@book{roman2005advanced,
  title={Advanced linear algebra},
  author={Roman, Steven},
  year={2005},
  publisher={Springer}
}

@book{katz2009history,
  title={A history of mathematics: An introduction},
  author={Katz, Victor J.},
  year={2009},
  publisher={Pearson}
}

@book{cassels2008rational,
  title={Rational quadratic forms},
  author={Cassels, J.W.S.},
  year={2008},
  publisher={Courier Dover Publications}
}

@book{jones1950arithmetic,
  title={The arithmetic theory of quadratic forms},
  author={Jones, Burton W.},
  volume={10},
  year={1950},
  publisher={American Mathematical Soc.}
}

@online{raskinnotes,
  title={Introduction to the arithmetic theory of quadratic forms},
  author={Raskin, Sam},
  url={https://gauss.math.yale.edu/~sr2532/forms.pdf},
  urldate={2023-10-30},
  note={Lecture notes.}
  }

  @book{serre2012course,
  title={A course in arithmetic},
  author={Serre, Jean-Pierre},
  volume={7},
  year={2012},
  publisher={Springer}
}

@book{amice1975nombres,
  title={Les Nombres p-adiques},
  author={Amice, Yvette},
  year={1975},
  publisher={Presses Universitaires de France}
}

@online{weismann2006annotations,
  title={Annotations to Serre's Course in Arithmetic},
  author={Weismann, Martin and Fassler, Jordan and Maisch, Filix},
  year={2006},
  url={https://people.ucsc.edu/~weissman/Math222A/SerreAnn.pdf},
  urldate={2023-10-30},
  note={Lecture notes.}
}

@article{von1984hensel,
  title={Hensel and Newton methods in valuation rings},
  author={Von zur Gathen, Joachim},
  journal={Mathematics of Computation},
  volume={42},
  number={166},
  pages={637--661},
  year={1984}
}

@article{witt1937theorie,
  title={Theorie der quadratischen Formen in beliebigen K{\"o}rpern.},
  author={Witt, Ernst},
  year={1937},
  publisher={Walter de Gruyter},
  journal={Journal f{\"u}r die reine und angewandte Mathematik},
  volume={176},
  pages={31--44}
}

@book{gerstein2008basic,
  title={Basic quadratic forms},
  author={Gerstein, Larry J.},
  volume={90},
  year={2008},
  publisher={American Mathematical Soc.}
}

@book{weil1984number,
  title={Number Theory: An approach through history from Hammurapi to Legendre},
  author={Weil, André},
  year={1984},
  publisher={Springer}
}

@book{euclid1956elements,
  title={The elements of Euclid},
  author={Euclid},
  year={1956},
  publisher={Dover Publications}
}

@online{heiberg1885euclid,
  title={Euclid's Elements},
  note={From the edition of Johan Ludvig Heiberg, translated by Richard Fitzpatrick},
  author={Euclid},
  url={https://farside.ph.utexas.edu/books/Euclid/Elements.pdf},
  urldate={2023-10-30}
}

@book{wiles1995modular,
  title={Modular elliptic curves and Fermat's last theorem},
  author={Wiles, Andrew John},
  year={1995},
  publisher={Princeton University Press}
}

@book{hensel1913zahlentheorie,
  title={Zahlentheorie},
  author={Hensel, Kurt},
  year={1913},
  address={Marburg},
}

@phdthesis{hasse1922uber,
  author      = {Hasse, Helmut},
  school      = {Universit{\"a}t G{\"o}ttingen},
  title       = {Über die Darstellbarkeit von Zahlen durch quadratische Formen im Körper der rationalen Zahlen},
  year        = {1922}
}

@online{slattery2020integer,
  author     = {Slattery, Tom},
  title      = {The Representation of Integers by Quadratic Forms and the Conway-Schneeberger Fifteen Theorem},
  year       = {2020},
  institution= {University of Warwick},
  url        = {https://www.academia.edu/43627690/The_Representation_of_Integers_by_Quadratic_Forms_and_the_Conway_Schneeberger_Fifteen_Theorem},
  urldate    = {2023-11-03}
}

@online{bhargava2014fields,
  url={https://www.mathunion.org/imu-awards/fields-medal/fields-medals-2014},
  author={International Mathematical Union},
  title={Fields Medals 2014 Awardees},
  note={Press release},
  urldate={2023-11-03}
}

@book{rotman2010advanced,
  title={Advanced modern algebra},
  author={Rotman, Joseph J.},
  volume={114},
  year={2010},
  publisher={American Mathematical Soc.}
}

@incollection{hilbert1932theorie,
  title={Die theorie der algebraischen Zahlk{\"o}rper},
  author={Hilbert, David},
  booktitle={Jahresbericht der Deutschen Mathematiker-Vereinigung},
  pages={175--546},
  year={1895},
  publisher={Springer}
}

@article{hermite1850extraits,
  title={Extraits de lettres de M. Ch. Hermite {\`a} M. Jacobi sur diff{\'e}rents objects de la th{\'e}orie des nombres.},
  author={Hermite, Charles},
  journal={Journal f{\"u}r die reine und angewandte Mathematik},
  volume={1850},
  number={40},
  year={1850},
  publisher={De Gruyter Berlin},
  url={https://gdz.sub.uni-goettingen.de/id/PPN243919689_0032?tify=%7B%22pages%22%3A%5B295%5D%2C%22pan%22%3A%7B%22x%22%3A0.443%2C%22y%22%3A1.604%7D%2C%22view%22%3A%22info%22%2C%22zoom%22%3A0.824%7D},
  urldate={2023-11-03}
}

@book{cassels1961geometry,
  title={An introduction to the geometry of numbers},
  author={Cassels, J.W.S.},
  year={1961},
  publisher={Springer}
}

@article{donaldson1979minkowski,
  title={Minkowski reduction of integral matrices},
  author={Donaldson, John L.},
  journal={Mathematics of Computation},
  volume={33},
  number={145},
  pages={201--216},
  year={1979}
}

@article{helfrich1985algorithms,
  title={Algorithms to construct Minkowski reduced and Hermite reduced lattice bases},
  author={Helfrich, Bettina},
  journal={Theoretical Computer Science},
  volume={41},
  pages={125--139},
  year={1985},
  publisher={Elsevier}
}

@article{minkowski1885untersuchungen,
  title={Untersuchungen {\"u}ber quadratische Formen: I. Bestimmung der Anzahl verschiedener Formen, welche ein gegebenes Genus enth{\"a}lt},
  author={Minkowski, Hermann},
  year={1885},
  journal={Mathematische Abhandlungen}
}

@incollection{schwermer2007reduction,
  author         = {Schwermer, Joachim},
  booktitle      = {The shaping of arithmetic after C.F. Gauss's Disquisitiones arithmeticae},
  publisher      = {Springer},
  title          = {Reduction theory of quadratic forms: toward \emph{R\"aumliche Anschauung} in Minkowski's early work},
  year           = {2007},
  pages          = {483--502},
  editor         = {Goldstein, Catherine and Schappacher, Norbert and Schwermer, Joachim}
}

@incollection{goldstein2007book,
  author         = {Goldstein, Catherine and Schappacher, Norbert},
  booktitle      = {The shaping of arithmetic after C.F. Gauss's Disquisitiones arithmeticae},
  publisher      = {Springer},
  title          = {A book in search of a discipline (1801--1860)},
  year           = {2007},
  pages          = {3--66},
  editor         = {Goldstein, Catherine and Schappacher, Norbert and Schwermer, Joachim}
}

@article{tammela1979reduction,
  title={Reduction theory of positive quadratic forms},
  author={Tammela, P.P.},
  journal={Journal of Soviet Mathematics},
  volume={11},
  pages={197--277},
  year={1979},
  publisher={Springer}
}

@article{van1956reduktionstheorie,
  title={Die Reduktionstheorie der positiven quadratischen Formen},
  author={van der Waerden, BL},
  journal={Acta Mathematica},
  volume={96},
  number={1},
  pages={265--309},
  year={1956},
  publisher={Kluwer Academic Publishers Dordrecht}
}

@article{mahler1938minkowski,
  title={On Minkowski's theory of reduction of positive definite quadratic forms},
  author={Mahler, Kurt},
  journal={The Quarterly Journal of Mathematics},
  number={1},
  pages={259--262},
  year={1938},
  publisher={Oxford University Press}
}

@article{barnes1979minkowski,
  title={Minkowski's fundamental inequality for reduced positive quadratic forms (II)},
  author={Barnes, E.S.},
  journal={Journal of the Australian Mathematical Society},
  volume={27},
  number={1},
  pages={1--6},
  year={1979},
  publisher={Cambridge University Press}
}


@article{van1969dasminimum,
  title={Das Minimum von \(D/f_{11}f_{12}\cdots f_{55}\) f{\"u}r reduzierte positive quin\"are quadratische Formen},
  author={van der Waerden, B.L.},
  journal={Aequationes Mathematicae},
  volume={2},
  pages={233--247},
  year={1969}
}

@article{omeara1955quadratic,
  author          = {O'Meara, O.T.},
  journal         = {American Journal of Mathematics},
  number          = {1},
  title           = {Quadratic forms over local fields},
  volume          = {77},
  year            = {1955},
  page           = {87--116}
}

@article{siegel1941equivalence,
  title={Equivalence of quadratic forms},
  author={Siegel, Carl L.},
  journal={American Journal of Mathematics},
  volume={63},
  number={3},
  pages={658--680},
  year={1941}
}